[gd_scene load_steps=13 format=2]

[ext_resource path="res://Etsaiak/EtsaiaAmaiaK1/EtsaiaAmaiaK1.gd" type="Script" id=1]
[ext_resource path="res://Etsaiak/Irudiak/Kokodrilo PNG/run/frame-1.png" type="Texture" id=2]
[ext_resource path="res://Etsaiak/Irudiak/Kokodrilo PNG/run/frame-2.png" type="Texture" id=3]
[ext_resource path="res://Etsaiak/Irudiak/Kokodrilo PNG/run/frame-3.png" type="Texture" id=4]
[ext_resource path="res://Etsaiak/Irudiak/Kokodrilo PNG/run/frame-4.png" type="Texture" id=5]
[ext_resource path="res://Etsaiak/Irudiak/Kokodrilo PNG/faint/frame-1.png" type="Texture" id=6]
[ext_resource path="res://Etsaiak/Irudiak/Kokodrilo PNG/faint/frame-2.png" type="Texture" id=7]
[ext_resource path="res://Etsaiak/Irudiak/Kokodrilo PNG/faint/frame-3.png" type="Texture" id=8]
[ext_resource path="res://Etsaiak/Irudiak/Kokodrilo PNG/dizzy/frame-1.png" type="Texture" id=9]
[ext_resource path="res://Etsaiak/Irudiak/Kokodrilo PNG/dizzy/frame-2.png" type="Texture" id=10]

[sub_resource type="SpriteFrames" id=1]
animations = [ {
"frames": [ ExtResource( 2 ), ExtResource( 3 ), ExtResource( 4 ), ExtResource( 5 ) ],
"loop": true,
"name": "Run",
"speed": 12.0
}, {
"frames": [ ExtResource( 6 ), ExtResource( 7 ), ExtResource( 8 ) ],
"loop": true,
"name": "dead",
"speed": 5.0
}, {
"frames": [ ExtResource( 9 ), ExtResource( 10 ) ],
"loop": true,
"name": "No muerto del tdo",
"speed": 5.0
} ]

[sub_resource type="RectangleShape2D" id=2]
extents = Vector2( 12.3727, 18.0913 )

[node name="Etsaia" type="KinematicBody2D"]
position = Vector2( 181.302, 369.607 )
script = ExtResource( 1 )
__meta__ = {
"_edit_group_": true
}
hp = 2

[node name="AnimatedSprite" type="AnimatedSprite" parent="."]
position = Vector2( -0.326172, -0.320068 )
scale = Vector2( 0.114715, 0.0990907 )
frames = SubResource( 1 )
animation = "dead"

[node name="CollisionShape2D" type="CollisionShape2D" parent="."]
position = Vector2( 1.9458, -0.508041 )
shape = SubResource( 2 )

[node name="RayCast2D" type="RayCast2D" parent="."]
position = Vector2( 13.4124, 0.0688248 )
enabled = true
cast_to = Vector2( 0, 20 )

